<?xml version="1.0" encoding="UTF-8"?><collection xmlns="http://www.loc.gov/MARC21/slim"><record><leader>00465nam--2200169-i-4500</leader><controlfield tag="001">000006336</controlfield><controlfield tag="002">20161230</controlfield><controlfield tag="005">20161230201026</controlfield><controlfield tag="008">060222s1000------------r-----000-0-eng-d</controlfield><datafield ind1=" " ind2=" " tag="080"><subfield code="a">519.1:519.283:513.83</subfield></datafield><datafield ind1=" " ind2=" " tag="100"><subfield code="a">Berge, Claude</subfield></datafield><datafield ind1=" " ind2=" " tag="245"><subfield code="a">Theorie des graphes et ses applications. deuxieme edition</subfield></datafield><datafield ind1=" " ind2=" " tag="260"><subfield code="a">Paris, Dunod, 1963</subfield></datafield><datafield ind1=" " ind2=" " tag="300"><subfield code="a">267 p</subfield></datafield><datafield ind1=" " ind2=" " tag="490"><subfield code="a">Collection Universitaire De Mathematiques</subfield></datafield><datafield ind1=" " ind2=" " tag="852"><subfield code="a">18879</subfield></datafield><datafield ind1=" " ind2=" " tag="CAT"><subfield code="a">Sys</subfield><subfield code="c">20080402</subfield><subfield code="h">134118</subfield></datafield></record></collection>